<record><leader>00000cas a2200000 a 4500</leader><controlfield tag="001">12708040</controlfield><controlfield tag="008">851023d186u1865tnudn ne      0    0eng c</controlfield><datafield ind1=" " ind2=" " tag="010"><subfield code="a">sn 85038548 </subfield></datafield><datafield ind1=" " ind2=" " tag="040"><subfield code="a">NPY</subfield><subfield code="b">eng</subfield><subfield code="c">NPY</subfield><subfield code="d">NPX</subfield><subfield code="d">DLC</subfield><subfield code="d">NPX</subfield><subfield code="d">PPM</subfield><subfield code="d">ANU</subfield><subfield code="d">KNP</subfield><subfield code="d">MGN</subfield><subfield code="d">NVF</subfield><subfield code="d">MGN</subfield><subfield code="d">TGN</subfield><subfield code="d">OCL</subfield><subfield code="d">DLC</subfield><subfield code="d">TGN</subfield><subfield code="d">OCLCQ</subfield><subfield code="d">OCLCF</subfield><subfield code="d">OCLCO</subfield></datafield><datafield ind1="1" ind2=" " tag="029"><subfield code="a">AU@</subfield><subfield code="b">000020235018</subfield></datafield><datafield ind1=" " ind2=" " tag="042"><subfield code="a">pcc</subfield></datafield><datafield ind1=" " ind2=" " tag="043"><subfield code="a">n-us-tn</subfield></datafield><datafield ind1="0" ind2="0" tag="050"><subfield code="a">Newspaper 9835</subfield></datafield><datafield ind1="0" ind2=" " tag="130"><subfield code="a">Memphis bulletin (Memphis, Tenn. : 1862 : Daily)</subfield></datafield><datafield ind1="1" ind2="0" tag="245"><subfield code="a">Memphis bulletin.</subfield></datafield><datafield ind1="3" ind2="0" tag="246"><subfield code="a">Memphis daily bulletin</subfield></datafield><datafield ind1="1" ind2=" " tag="246"><subfield code="i">Issues for Mar. 7-8, 1865 have title:</subfield><subfield code="a">Daily Memphis bulletin</subfield></datafield><datafield ind1=" " ind2=" " tag="260"><subfield code="a">Memphis, Tenn. :</subfield><subfield code="b">Nabers &amp; Hough</subfield></datafield><datafield ind1=" " ind2=" " tag="300"><subfield code="a">v. ;</subfield><subfield code="c">60-68 cm.</subfield></datafield><datafield ind1=" " ind2=" " tag="310"><subfield code="a">Daily (except Monday)</subfield></datafield><datafield ind1="1" ind2=" " tag="362"><subfield code="a">Ceased 1865.</subfield></datafield><datafield ind1=" " ind2=" " tag="500"><subfield code="a">"Daily" appears within title ornament.</subfield></datafield><datafield ind1=" " ind2=" " tag="500"><subfield code="a">Publishers: Nabers &amp; Hough, &lt;1863&gt;; James B. Bingham, 1863-1865.</subfield></datafield><datafield ind1=" " ind2=" " tag="530"><subfield code="a">Available on microfilm from Tennessee State Library and Archives; Bell &amp; Howell, Micro-Photo Div.</subfield></datafield><datafield ind1=" " ind2=" " tag="580"><subfield code="a">Published in place of: Memphis daily avalanche, July 3, 1862-&lt;June&gt; 1865.</subfield></datafield><datafield ind1=" " ind2=" " tag="588"><subfield code="a">Description based on: Vol. 8, no. 264 (July 4, 1862).</subfield></datafield><datafield ind1=" " ind2="0" tag="651"><subfield code="a">Memphis (Tenn.)</subfield><subfield code="v">Newspapers.</subfield></datafield><datafield ind1=" " ind2="0" tag="651"><subfield code="a">Shelby County (Tenn.)</subfield><subfield code="v">Newspapers.</subfield></datafield><datafield ind1=" " ind2="7" tag="655"><subfield code="a">Newspapers.</subfield><subfield code="2">fast</subfield><subfield code="0">(OCoLC)fst01423814</subfield></datafield><datafield ind1=" " ind2="7" tag="651"><subfield code="a">Tennessee</subfield><subfield code="z">Memphis.</subfield><subfield code="2">fast</subfield><subfield code="0">(OCoLC)fst01204194</subfield></datafield><datafield ind1=" " ind2="7" tag="651"><subfield code="a">Tennessee</subfield><subfield code="z">Shelby County.</subfield><subfield code="2">fast</subfield><subfield code="0">(OCoLC)fst01209894</subfield></datafield><datafield ind1=" " ind2=" " tag="752"><subfield code="a">United States</subfield><subfield code="b">Tennessee</subfield><subfield code="c">Shelby</subfield><subfield code="d">Memphis.</subfield></datafield><datafield ind1="0" ind2=" " tag="775"><subfield code="t">Memphis Monday bulletin</subfield><subfield code="w">(DLC)sn2004062307</subfield><subfield code="w">(OCoLC)57244869</subfield></datafield><datafield ind1="0" ind2=" " tag="775"><subfield code="t">Memphis bulletin (Memphis, Tenn. : 1862 : Evening ed.)</subfield><subfield code="g">1862-1863</subfield><subfield code="w">(DLC)sn 95068539</subfield><subfield code="w">(OCoLC)32293933</subfield></datafield><datafield ind1="0" ind2=" " tag="775"><subfield code="t">Daily evening bulletin (Memphis, Tenn.)</subfield><subfield code="g">1863-1865</subfield><subfield code="w">(DLC)sn 86053167</subfield><subfield code="w">(OCoLC)13274400</subfield></datafield><datafield ind1="0" ind2=" " tag="775"><subfield code="t">Memphis tri-weekly morning bulletin</subfield><subfield code="g">&lt;1862&gt;-1865</subfield><subfield code="w">(DLC)sn 86071323</subfield><subfield code="w">(OCoLC)13446123</subfield></datafield><datafield ind1="0" ind2=" " tag="775"><subfield code="t">Memphis weekly bulletin</subfield><subfield code="g">1862-&lt;1865&gt;</subfield><subfield code="w">(DLC)sn 86071324</subfield><subfield code="w">(OCoLC)13446164</subfield></datafield><datafield ind1="0" ind2="0" tag="780"><subfield code="t">Morning bulletin (Memphis, Tenn.)</subfield><subfield code="w">(DLC)sn 86053165</subfield><subfield code="w">(OCoLC)13264425</subfield></datafield><datafield ind1="0" ind2="0" tag="785"><subfield code="t">Memphis daily bulletin</subfield><subfield code="w">(DLC)sn 86053166</subfield><subfield code="w">(OCoLC)13274377</subfield></datafield><datafield ind1="1" ind2=" " tag="787"><subfield code="t">Memphis daily avalanche</subfield><subfield code="w">(DLC)sn 85038549</subfield><subfield code="w">(OCoLC)12708069</subfield></datafield></record>